% Encoding: UTF-8

@Book{VanEvera1997,
  title         = {Guide to Methods for Students of Political Science},
  publisher     = {Cornell University Press},
  year          = {1997},
  author        = {Van Evera, S.},
  series        = {Cornell paperbacks},
  isbn          = {9780801484575},
   endnotereftype = {Book},
  groups        = {research design},
  lccn          = {lc97017808}
}

@Book{Babbie2010,
  title          = {The Practice of Social Research},
  publisher      = {Wadsworth Cangage Learning},
  year           = {2010},
  author         = {Babbie, Earl R.},
  address        = {Australia},
  edition        = {12},
  isbn           = {9780495598428 0495598429},
  endnotereftype = {Book},
  groups         = {research design},
  shorttitle     = {The practice of social research}
}

@Comment{jabref-meta: databaseType:bibtex;}
